@article {Carruth,
    AUTHOR = {Carruth, Philip W.},
     TITLE = {Arithmetic of ordinals with applications to the theory of
              ordered {A}belian groups},
   JOURNAL = {Bull. Amer. Math. Soc.},
  FJOURNAL = {Bulletin of the American Mathematical Society},
    VOLUME = {48},
      YEAR = {1942},
     PAGES = {262--271},
      ISSN = {0002-9904},
}

@article {CHM,
    AUTHOR = {Chubb, Jennifer and Hirst, Jeffry L. and McNicholl, Timothy
              H.},
     TITLE = {Reverse mathematics, computability, and partitions of trees},
   JOURNAL = {J. Symbolic Logic},
  FJOURNAL = {Journal of Symbolic Logic},
    VOLUME = {74},
      YEAR = {2009},
    NUMBER = {1},
     PAGES = {201--215},
      ISSN = {0022-4812},
}

@article {CGM,
    AUTHOR = {Corduan, Jared and Groszek, Marcia J. and Mileti, Joseph R.},
     TITLE = {Reverse mathematics and {R}amsey's property for trees},
   JOURNAL = {J. Symbolic Logic},
  FJOURNAL = {Journal of Symbolic Logic},
    VOLUME = {75},
      YEAR = {2010},
    NUMBER = {3},
     PAGES = {945--954},
      ISSN = {0022-4812},
}

@article {Chang:1,
    AUTHOR = {Chang, C. C.},
     TITLE = {A partition theorem for the complete graph on {$\omega
              \sp{\omega }$}},
   JOURNAL = {J. Combinatorial Theory Ser. A},
  FJOURNAL = {Journal of Combinatorial Theory. Series A},
    VOLUME = {12},
      YEAR = {1972},
     PAGES = {396--452},
}
	

@incollection {CGHJ,
    AUTHOR = {Cholak, Peter A. and Giusto, Mariagnese and Hirst, Jeffry L.
              and Jockusch, Jr., Carl G.},
     TITLE = {Free sets and reverse mathematics},
 BOOKTITLE = {Reverse mathematics 2001},
    SERIES = {Lect. Notes Log.},
    VOLUME = {21},
     PAGES = {104--119},
 PUBLISHER = {Assoc. Symbol. Logic},
   ADDRESS = {La Jolla, CA},
      YEAR = {2005},
}

@article {CJS,
    AUTHOR = {Cholak, Peter A. and Jockusch, Carl G. and Slaman, Theodore
              A.},
     TITLE = {On the strength of {R}amsey's theorem for pairs},
   JOURNAL = {J. Symbolic Logic},
  FJOURNAL = {The Journal of Symbolic Logic},
    VOLUME = {66},
      YEAR = {2001},
    NUMBER = {1},
     PAGES = {1--55},
      ISSN = {0022-4812},
     CODEN = {JSYLA6},
}

@unpublished {varMathias,
    AUTHOR = {Dorais, Fran\c{c}ois},
     TITLE = {A Variant of {M}athias forcing which preserves $\mathsf{ACA}_0$},
      NOTE = {preprint},
}

@article {DzhafarovHirst,
    AUTHOR = {Dzhafarov, Damir D. and Hirst, Jeffry L.},
     TITLE = {The polarized {R}amsey's theorem},
   JOURNAL = {Arch. Math. Logic},
  FJOURNAL = {Archive for Mathematical Logic},
    VOLUME = {48},
      YEAR = {2009},
    NUMBER = {2},
     PAGES = {141--157},
      ISSN = {0933-5846},
     CODEN = {AMLOEH},
}

@article {DzhafarovJockusch,
    AUTHOR = {Dzhafarov, Damir D. and Jockusch, Carl G. Jr.},
     TITLE = {RAMSEY'S THEOREM AND CONE AVOIDANCE},
   JOURNAL = {J. Symbolic Logic},
  FJOURNAL = {The Journal of Symbolic Logic},
    VOLUME = {74},
      YEAR = {2009},
    NUMBER = {2},
     PAGES = {1--55},
}

@article {ErdosMilner:1,
    AUTHOR = {Erd{\H{o}}s, P. and Milner, E. C.},
     TITLE = {A theorem in the partition calculus},
   JOURNAL = {Canad. Math. Bull.},
  FJOURNAL = {Canadian Mathematical Bulletin. Bulletin Canadien de
              Math\'ematiques},
    VOLUME = {15},
      YEAR = {1972},
     PAGES = {501--505},
      ISSN = {0008-4395},
}

@article {ErdosRado:1,
    AUTHOR = {Erd{\"o}s, P. and Rado, R.},
     TITLE = {A partition calculus in set theory},
   JOURNAL = {Bull. Amer. Math. Soc.},
  FJOURNAL = {Bulletin of the American Mathematical Society},
    VOLUME = {62},
      YEAR = {1956},
     PAGES = {427--489},
      ISSN = {0002-9904},
}

@article {ErdosRado:2,
    AUTHOR = {Milner, E. C. and Rado, R.},
     TITLE = {The pigeon-hole principle for ordinal numbers},
   JOURNAL = {Proc. London Math. Soc. (3)},
  FJOURNAL = {Proceedings of the London Mathematical Society. Third Series},
    VOLUME = {15},
      YEAR = {1965},
     PAGES = {750--768},
      ISSN = {0024-6115},
}

@book {Fraisse:ThR,
    AUTHOR = {Fra{\"{\i}}ss{\'e}, Roland},
     TITLE = {Theory of relations},
    SERIES = {Studies in Logic and the Foundations of Mathematics},
    VOLUME = {145},
   EDITION = {Revised},
 PUBLISHER = {North-Holland Publishing Co.},
   ADDRESS = {Amsterdam},
      YEAR = {2000},
     PAGES = {ii+451},
      ISBN = {0-444-50542-3},
}

@article {jumpinversion,
    AUTHOR = {Friedberg, Richard},
     TITLE = {A criterion for completeness of degrees of unsolvability},
   JOURNAL = {J. Symb. Logic},
  FJOURNAL = {The Journal of Symbolic Logic},
    VOLUME = {22},
      YEAR = {1957},
     PAGES = {159--160},
      ISSN = {0022-4812},
}

@inproceedings {Friedman:SomeSystems,
    AUTHOR = {Friedman, Harvey},
     TITLE = {Some systems of second order arithmetic and their use},
 BOOKTITLE = {Proceedings of the {I}nternational {C}ongress of
              {M}athematicians ({V}ancouver, {B}. {C}., 1974), {V}ol. 1},
     PAGES = {235--242},
 PUBLISHER = {Canad. Math. Congress, Montreal, Que.},
      YEAR = {1975},
}

@article {GalPri:1,
    AUTHOR = {Galvin, Fred and Prikry, Karel},
     TITLE = {Borel sets and {R}amsey's theorem},
   JOURNAL = {J. Symbolic Logic},
  FJOURNAL = {The Journal of Symbolic Logic},
    VOLUME = {38},
      YEAR = {1973},
     PAGES = {193--198},
      ISSN = {0022-4812},
}

@book {Seuss,
    AUTHOR = {Geisel, Theodor Seuss},
     TITLE = {{O}ne {F}ish {T}wo {F}ish {R}ed {F}ish {B}lue {F}ish},
 PUBLISHER = {Random House},
      YEAR = {1960},
     PAGES = {72},
}

@unpublished {GroszekAmenable,
    AUTHOR = {Groszek, Marcia J.},
     TITLE = {Ramsey properties of countably infinite partial orderings},
      NOTE = {preprint},
}

@book {Hajek&Pudlak,
    AUTHOR = {H{\'a}jek, Petr and Pudl{\'a}k, Pavel},
     TITLE = {Metamathematics of first-order arithmetic},
    SERIES = {Perspectives in Mathematical Logic},
      NOTE = {Second printing},
 PUBLISHER = {Springer-Verlag},
   ADDRESS = {Berlin},
      YEAR = {1998},
     PAGES = {xiv+460},
      ISBN = {3-540-63648-X},
}

@article {Hausdorff:1,
    AUTHOR = {Hausdorff, Felix},
     TITLE = {Grundz\"uge einer {T}heorie der geordneten {M}engen},
   JOURNAL = {Math. Ann.},
    VOLUME = {65},
      YEAR = {1908},
     PAGES = {435-505},
}


@book {Hessenberg,
    AUTHOR = {Hessenberg, Gerhard},
     TITLE = {Grundbegriffe Der {M}engenlehre},
 PUBLISHER = {Vandenhoeck \& Ruprecht},
   ADDRESS = {G\"ottingen},
      YEAR = {1906},
     PAGES = {220},
      ISBN = {}
 }

@article {HirschfeldtShore,
    AUTHOR = {Hirschfeldt, Denis R. and Shore, Richard A.},
     TITLE = {Combinatorial principles weaker than {R}amsey's theorem for
              pairs},
   JOURNAL = {J. Symbolic Logic},
  FJOURNAL = {The Journal of Symbolic Logic},
    VOLUME = {72},
      YEAR = {2007},
    NUMBER = {1},
     PAGES = {171--206},
      ISSN = {0022-4812},
     CODEN = {JSYLA6},
}

@article {HSS,
    AUTHOR = {Hirschfeldt, Denis R. and Shore, Richard A. and Slaman,
              Theodore A.},
     TITLE = {The atomic model theorem and type omitting},
   JOURNAL = {Trans. Amer. Math. Soc.},
  FJOURNAL = {Transactions of the American Mathematical Society},
    VOLUME = {361},
      YEAR = {2009},
    NUMBER = {11},
     PAGES = {5805--5837},
      ISSN = {0002-9947},
     CODEN = {TAMTAM},
   MRCLASS = {03B30 (03C15 03C50 03C57 03D45 03F35)},
  MRNUMBER = {2529915},
MRREVIEWER = {M. Yasuhara},
       DOI = {10.1090/S0002-9947-09-04847-8},
       URL = {http://dx.doi.org/10.1090/S0002-9947-09-04847-8},
}

@phdthesis {Hirst:thesis,
    AUTHOR = {Hirst, Jeffry},
     TITLE = {Combinatorics in Subsystems of Second Order Arithmetic},
    SCHOOL = {The Pennsylvania State University},
      YEAR = {1987},
}

@incollection {Hirst:ordinalSurvey,
    AUTHOR = {Hirst, Jeffry L.},
     TITLE = {A survey of the reverse mathematics of ordinal arithmetic},
 BOOKTITLE = {Reverse mathematics 2001},
    SERIES = {Lect. Notes Log.},
    VOLUME = {21},
     PAGES = {222--234},
 PUBLISHER = {Assoc. Symbol. Logic},
   ADDRESS = {La Jolla, CA},
      YEAR = {2005},
}

@incollection {Hirst:ordinalSuprema,
    AUTHOR = {Hirst, Jeffry L.},
     TITLE = {Reverse mathematics and ordinal suprema},
 BOOKTITLE = {Reverse mathematics 2001},
    SERIES = {Lect. Notes Log.},
    VOLUME = {21},
     PAGES = {235--243},
 PUBLISHER = {Assoc. Symbol. Logic},
   ADDRESS = {La Jolla, CA},
      YEAR = {2005},
}

@incollection {Hirst:ordinalArithmetic,
    AUTHOR = {Hirst, Jeffry L.},
     TITLE = {A survey of the reverse mathematics of ordinal arithmetic},
 BOOKTITLE = {Reverse mathematics 2001},
    SERIES = {Lect. Notes Log.},
    VOLUME = {21},
     PAGES = {222--234},
 PUBLISHER = {Assoc. Symbol. Logic},
   ADDRESS = {La Jolla, CA},
      YEAR = {2005},
}

@article {Hirst:OrdinalInequalities,
    AUTHOR = {Hirst, Jeffry L.},
     TITLE = {Ordinal inequalities, transfinite induction, and reverse
              mathematics},
   JOURNAL = {J. Symbolic Logic},
  FJOURNAL = {The Journal of Symbolic Logic},
    VOLUME = {64},
      YEAR = {1999},
    NUMBER = {2},
     PAGES = {769--774},
      ISSN = {0022-4812},
}

@article {Hirst:ordinalMultiplication,
    AUTHOR = {Hirst, Jeffry L.},
     TITLE = {Reverse mathematics and ordinal multiplication},
   JOURNAL = {MLQ Math. Log. Q.},
  FJOURNAL = {MLQ. Mathematical Logic Quarterly},
    VOLUME = {44},
      YEAR = {1998},
    NUMBER = {4},
     PAGES = {459--464},
      ISSN = {0942-5616},
}

@article {Hirst:ordinalExponentiation,
    AUTHOR = {Hirst, Jeffry L.},
     TITLE = {Reverse mathematics and ordinal exponentiation},
   JOURNAL = {Ann. Pure Appl. Logic},
  FJOURNAL = {Annals of Pure and Applied Logic},
    VOLUME = {66},
      YEAR = {1994},
    NUMBER = {1},
     PAGES = {1--18},
      ISSN = {0168-0072},
}

@article {FriedmanHirst:1,
    AUTHOR = {Friedman, Harvey M. and Hirst, Jeffry L.},
     TITLE = {Weak comparability of well orderings and reverse mathematics},
   JOURNAL = {Ann. Pure Appl. Logic},
  FJOURNAL = {Annals of Pure and Applied Logic},
    VOLUME = {47},
      YEAR = {1990},
    NUMBER = {1},
     PAGES = {11--29},
      ISSN = {0168-0072},
}		

@article {Jean:Short,
    AUTHOR = {Larson, Jean A.},
     TITLE = {A short proof of a partition theorem for the ordinal {$\omega
              \sp{\omega }$}},
   JOURNAL = {Ann. Math. Logic},
  FJOURNAL = {Annals of Pure and Applied Logic},
    VOLUME = {6},
      YEAR = {1973/74},
     PAGES = {129--145},
      ISSN = {0168-0072},
}

@article {Jockusch:Ramsey,
    AUTHOR = {Jockusch, Jr., Carl G.},
     TITLE = {Ramsey's theorem and recursion theory},
   JOURNAL = {J. Symbolic Logic},
  FJOURNAL = {The Journal of Symbolic Logic},
    VOLUME = {37},
      YEAR = {1972},
     PAGES = {268--280},
      ISSN = {0022-4812},
}

@article {lowbasis,
    AUTHOR = {Jockusch, Jr., Carl G. and Soare, Robert I.},
     TITLE = {Degrees of members of {$\Pi ^{0}_{1}$} classes},
   JOURNAL = {Pacific J. Math.},
  FJOURNAL = {Pacific Journal of Mathematics},
    VOLUME = {40},
      YEAR = {1972},
     PAGES = {605--616},
      ISSN = {0030-8730},
}

@article {Jockusch:2,
    AUTHOR = {Jockusch, Jr., Carl G.},
     TITLE = {The degrees of bi-immune sets},
   JOURNAL = {Z. Math. Logik Grundlagen Math.},
  FJOURNAL = {Zeitschrift f\"ur Mathematische Logik und Grundlagen der
              Mathematik},
    VOLUME = {15},
      YEAR = {1969},
     PAGES = {135--140},
}

@article {Jockusch:3,
    AUTHOR = {Jockusch, Jr., Carl G.},
     TITLE = {Upward closure and cohesive degrees},
   JOURNAL = {Israel J. Math.},
  FJOURNAL = {Israel Journal of Mathematics},
    VOLUME = {15},
      YEAR = {1973},
     PAGES = {332--335},
      ISSN = {0021-2172},
}

@article {JockuschStephan,
    AUTHOR = {Jockusch, Carl and Stephan, Frank},
     TITLE = {A cohesive set which is not high},
   JOURNAL = {Math. Logic Quart.},
  FJOURNAL = {Mathematical Logic Quarterly},
    VOLUME = {39},
      YEAR = {1993},
    NUMBER = {4},
     PAGES = {515--530},
      ISSN = {0942-5616},
}

@article {Laver:1,
    AUTHOR = {Laver, Richard},
     TITLE = {On {F}ra\"\i ss\'e's order type conjecture},
   JOURNAL = {Ann. of Math. (2)},
  FJOURNAL = {Annals of Mathematics. Second Series},
    VOLUME = {93},
      YEAR = {1971},
     PAGES = {89--111},
      ISSN = {0003-486X},
}

@article {Laver:2,
    AUTHOR = {Laver, Richard},
     TITLE = {An order type decomposition theorem},
   JOURNAL = {Ann. of Math. (2)},
  FJOURNAL = {Annals of Mathematics. Second Series},
    VOLUME = {98},
      YEAR = {1973},
     PAGES = {96--119},
      ISSN = {0003-486X},
}


@phdthesis {Miletti:th,
    AUTHOR = {Mileti, Joseph},
     TITLE = {Combinatorics in Subsystems of Second Order Arithmetic},
    SCHOOL = {University of Illinois at Urbana-Champaign},
      YEAR = {2004},
}


@article {Montalban:1,
    AUTHOR = {Montalb{\'a}n, Antonio},
     TITLE = {Equimorphism invariants for scattered linear orderings},
   JOURNAL = {Fund. Math.},
  FJOURNAL = {Fundamenta Mathematicae},
    VOLUME = {191},
      YEAR = {2006},
    NUMBER = {2},
     PAGES = {151--173},
      ISSN = {0016-2736},
}

@article {NW:1,
    AUTHOR = {Nash-Williams, C. St. J. A.},
     TITLE = {On well-quasi-ordering transfinite sequences},
   JOURNAL = {Proc. Cambridge Philos. Soc.},
    VOLUME = {61},
      YEAR = {1965},
     PAGES = {33--39},
}


@article {Nosal:1,
    AUTHOR = {Nosal, Eva},
     TITLE = {Partition relations for denumerable ordinals},
   JOURNAL = {J. Combin. Theory Ser. B},
  FJOURNAL = {Journal of Combinatorial Theory. Series B},
    VOLUME = {27},
      YEAR = {1979},
    NUMBER = {2},
     PAGES = {190--197},
      ISSN = {0095-8956},
     CODEN = {JCBTB8},
}

@article {Nosal:2,
    AUTHOR = {Nosal, Eva},
     TITLE = {On partition relation for ordinal numbers},
   JOURNAL = {J. London Math. Soc. (2)},
  FJOURNAL = {Journal of the London Mathematical Society. Second Series},
    VOLUME = {8},
      YEAR = {1974},
     PAGES = {306--310},
      ISSN = {0024-6107},
}

@article {Ramsey,
    AUTHOR = {Ramsey, F.P.},
     TITLE = {On a problem of formal logic},
   JOURNAL = {Proceedings of London Mathematical Society},
    VOLUME = {30},
      YEAR = {1930},
     PAGES = {264--286},
}


@book {Rogers,
    AUTHOR = {Rogers, Jr., Hartley},
     TITLE = {Theory of recursive functions and effective computability},
   EDITION = {Second},
 PUBLISHER = {MIT Press},
   ADDRESS = {Cambridge, MA},
      YEAR = {1987},
     PAGES = {xxii+482},
      ISBN = {0-262-68052-1},
}

@book {SOSOA,
    AUTHOR = {Simpson, Stephen G.},
     TITLE = {Subsystems of second order arithmetic},
    SERIES = {Perspectives in Mathematical Logic},
 PUBLISHER = {Springer-Verlag},
   ADDRESS = {Berlin},
      YEAR = {1999},
     PAGES = {xiv+445},
      ISBN = {3-540-64882-8}
 }

@article {SeetapunSlaman,
    AUTHOR = {Seetapun, David and Slaman, Theodore A.},
     TITLE = {On the strength of {R}amsey's theorem},
      NOTE = {Special Issue: Models of arithmetic},
   JOURNAL = {Notre Dame J. Formal Logic},
  FJOURNAL = {Notre Dame Journal of Formal Logic},
    VOLUME = {36},
      YEAR = {1995},
    NUMBER = {4},
     PAGES = {570--582},
      ISSN = {0029-4527},
}

@book {Sierpinski:1,
    AUTHOR = {Sierpi{\'n}ski, Wac{\l}aw},
     TITLE = {Cardinal and ordinal numbers},
    SERIES = {Polska Akademia Nauk, Monografie Matematyczne. Tom 34},
 PUBLISHER = {Pa\'nstwowe Wydawnictwo Naukowe, Warsaw},
      YEAR = {1958},
     PAGES = {487},
}

@book {Sierpinski:2,
    AUTHOR = {Sierpi{\'n}ski, Wac{\l}aw},
     TITLE = {Cardinal and ordinal numbers},
    SERIES = {Second revised edition. Monografie Matematyczne, Vol. 34},
 PUBLISHER = {Pa\'nstowe Wydawnictwo Naukowe, Warsaw},
      YEAR = {1965},
     PAGES = {491},
}

@article {Specker:1,
    AUTHOR = {Specker, Ernst},
     TITLE = {Teilmengen von {M}engen mit {R}elationen},
   JOURNAL = {Comment. Math. Helv.},
  FJOURNAL = {Commentarii Mathematici Helvetici},
    VOLUME = {31},
      YEAR = {1957},
     PAGES = {302--314},
      ISSN = {0010-2571},
}

@incollection {Specker:2,
    AUTHOR = {Specker, E.},
     TITLE = {Ramsey's theorem does not hold in recursive set theory},
 BOOKTITLE = {Logic {C}olloquium '69 ({P}roc. {S}ummer {S}chool and
              {C}olloq., {M}anchester, 1969)},
     PAGES = {439--442},
 PUBLISHER = {North-Holland},
   ADDRESS = {Amsterdam},
      YEAR = {1971},
}

@article {Svejdar,
    AUTHOR = {{\v{S}}vejdar, V{\'{\i}}t{\v{e}}zslav},
     TITLE = {The limit lemma in fragments of arithmetic},
   JOURNAL = {Comment. Math. Univ. Carolin.},
  FJOURNAL = {Commentationes Mathematicae Universitatis Carolinae},
    VOLUME = {44},
      YEAR = {2003},
    NUMBER = {3},
     PAGES = {565--568},
      ISSN = {0010-2628},
     CODEN = {CMUCAA},
}